<record><leader>00000cas a22000007a 4500</leader><controlfield tag="001">16977798</controlfield><controlfield tag="008">871113d18uu1uuuohuwr ne      0    0eng d</controlfield><datafield ind1=" " ind2=" " tag="010"><subfield code="a">sn 87056724 </subfield></datafield><datafield ind1=" " ind2=" " tag="040"><subfield code="a">NPI</subfield><subfield code="b">eng</subfield><subfield code="c">NPI</subfield><subfield code="d">OCL</subfield><subfield code="d">OCLCQ</subfield></datafield><datafield ind1=" " ind2=" " tag="042"><subfield code="a">msc</subfield></datafield><datafield ind1="0" ind2=" " tag="130"><subfield code="a">Fredericktown free press (Calico edition)</subfield></datafield><datafield ind1="1" ind2="0" tag="245"><subfield code="a">Fredericktown free press.</subfield></datafield><datafield ind1="3" ind2="0" tag="246"><subfield code="a">Free press</subfield></datafield><datafield ind1=" " ind2=" " tag="250"><subfield code="a">Calico ed.</subfield></datafield><datafield ind1=" " ind2=" " tag="260"><subfield code="a">Fredericktown [Ohio] :</subfield><subfield code="b">M'k. F. Edwards</subfield></datafield><datafield ind1=" " ind2=" " tag="300"><subfield code="a">v. :</subfield><subfield code="b">ill. ;</subfield><subfield code="c">48 cm.</subfield></datafield><datafield ind1=" " ind2=" " tag="310"><subfield code="a">Weekly</subfield></datafield><datafield ind1=" " ind2=" " tag="500"><subfield code="a">"Fredericktown" appears in small type above title ornament, &lt;1879&gt;.</subfield></datafield><datafield ind1=" " ind2=" " tag="588"><subfield code="a">Description based on: Vol. 5, no. 20 (Oct. 18, 1879).</subfield></datafield><datafield ind1=" " ind2=" " tag="752"><subfield code="a">United States</subfield><subfield code="b">Ohio</subfield><subfield code="c">Knox</subfield><subfield code="d">Fredericktown.</subfield></datafield><datafield ind1="1" ind2=" " tag="775"><subfield code="t">Fredericktown free press</subfield><subfield code="w">(DLC)sn 84028564</subfield></datafield></record>